<?xml version="1.0" encoding="UTF-8"?><record xmlns="http://www.loc.gov/MARC21/slim" xmlns:cinclude="http://apache.org/cocoon/include/1.0" xmlns:zs="http://www.loc.gov/zing/srw/">
  <leader>00409nz  a2200121n  4500</leader>
  <controlfield tag="001">n  98052957 </controlfield>
  <controlfield tag="003">DLC</controlfield>
  <controlfield tag="005">19980610115048.9</controlfield>
  <controlfield tag="008">980610n| acannaab|          |n anc |||  </controlfield>
  <datafield tag="010" ind1=" " ind2=" ">
    <subfield code="a">n  98052957 </subfield>
  </datafield>
  <datafield tag="040" ind1=" " ind2=" ">
    <subfield code="a">DLC</subfield>
    <subfield code="c">DLC</subfield>
  </datafield>
  <datafield tag="110" ind1="2" ind2="0">
    <subfield code="a">Hungarian Association of Agricultural Economics</subfield>
  </datafield>
  <datafield tag="670" ind1=" " ind2=" ">
    <subfield code="a">Challenge and strategies for re-establishing East-Central ... 1995:</subfield>
    <subfield code="b">p. iii (Hungarian Association of Agricultural Economics)</subfield>
  </datafield>
</record>